@article{vaswani2017attention,
  title={Attention is all you need},
  author={Vaswani, Ashish and Shazeer, Noam and Parmar, Niki and Uszkoreit, Jakob and Jones, Llion and Gomez, Aidan N and Kaiser, {\L}ukasz and Polosukhin, Illia},
  journal={Advances in neural information processing systems},
  volume={30},
  year={2017}
}

@inproceedings{ding2021repvgg,
  title={Repvgg: Making vgg-style convnets great again},
  author={Ding, Xiaohan and Zhang, Xiangyu and Ma, Ningning and Han, Jungong and Ding, Guiguang and Sun, Jian},
  booktitle={Proceedings of the IEEE/CVF conference on computer vision and pattern recognition},
  pages={13733--13742},
  year={2021}
}